<record xmlns:xsi="http://www.w3.org/2001/XMLSchema-instance" xmlns="http://www.loc.gov/MARC21/slim" xsi:schemaLocation="http://www.loc.gov/MARC21/slim http://www.loc.gov/standards/marcxml/schema/MARC21slim.xsd">

  <leader>00570nam a2200193Ia 4500</leader>
  <datafield ind1=" " tag="999" ind2=" ">
    <subfield code="c">1048</subfield>
    <subfield code="d">1048</subfield>
  </datafield>
  <controlfield tag="008">180521b1997    cr ||||| |||| 00| | spa d</controlfield>
  <datafield tag="020" ind2=" " ind1=" ">
    <subfield code="a">9977-67-414-0</subfield>
  </datafield>
  <datafield ind2=" " tag="090" ind1=" ">
    <subfield code="a">06.03.07 </subfield>
    <subfield code="b">11</subfield>
  </datafield>
  <datafield ind1="1" tag="100" ind2=" ">
    <subfield code="a">Bolaños Cubero, Carolina</subfield>
    <subfield code="9">178</subfield>
  </datafield>
  <datafield ind1="1" tag="245" ind2="0">
    <subfield code="a">Ciencias 8 : texto</subfield>
    <subfield code="c">Carolina Bolaños</subfield>
  </datafield>
  <datafield ind1=" " ind2=" " tag="260">
    <subfield code="a">San José, C.R. : </subfield>
    <subfield code="b">Editorial de la Universidad de Costa Rica,</subfield>
    <subfield code="c">1997</subfield>
  </datafield>
  <datafield ind2=" " tag="300" ind1=" ">
    <subfield code="a">240 páginas</subfield>
  </datafield>
  <datafield tag="490" ind2=" " ind1=" ">
    <subfield code="a">Serie Hacia el Siglo XXI</subfield>
  </datafield>
  <datafield ind1=" " ind2=" " tag="500">
    <subfield code="a">Contiene: Guía didáctica 8</subfield>
  </datafield>
  <datafield ind1="1" tag="650" ind2="4">
    <subfield code="a">ENSEÑANZA DE LAS CIENCIAS </subfield>
    <subfield code="9">996</subfield>
  </datafield>
  <datafield tag="650" ind2="4" ind1="1">
    <subfield code="a">GUÍA</subfield>
    <subfield code="9">1822</subfield>
  </datafield>
  <datafield ind2="4" tag="650" ind1="1">
    <subfield code="a">CIENCIA Y TECNOLOGÍA </subfield>
    <subfield code="9">37</subfield>
  </datafield>
  <datafield ind1=" " tag="942" ind2=" ">
    <subfield code="2">z</subfield>
    <subfield code="c">01</subfield>
  </datafield>
</record>